[gd_scene load_steps=6 format=2]

[ext_resource path="res://Scripts/VictoryScreen.gd" type="Script" id=1]
[ext_resource path="res://Scenes/CustomTheme.tres" type="Theme" id=2]
[ext_resource path="res://GFX/Interface/PNG/metalPanel.png" type="Texture" id=3]
[ext_resource path="res://GFX/Interface/Fonts/kenvector_future.ttf" type="DynamicFontData" id=4]

[sub_resource type="DynamicFont" id=1]
size = 30
font_data = ExtResource( 4 )

[node name="VictoryScreen" type="CanvasLayer"]
script = ExtResource( 1 )

[node name="CenterContainer" type="CenterContainer" parent="."]
anchor_right = 1.0
anchor_bottom = 1.0
theme = ExtResource( 2 )

[node name="NinePatchRect" type="NinePatchRect" parent="CenterContainer"]
margin_left = 362.0
margin_top = 150.0
margin_right = 662.0
margin_bottom = 450.0
rect_min_size = Vector2( 300, 300 )
texture = ExtResource( 3 )
patch_margin_left = 12
patch_margin_top = 12
patch_margin_right = 12
patch_margin_bottom = 12

[node name="VBoxContainer" type="VBoxContainer" parent="CenterContainer/NinePatchRect"]
anchor_right = 1.0
anchor_bottom = 1.0
margin_left = 20.0
margin_top = 20.0
margin_right = -20.0
margin_bottom = -20.0
alignment = 1

[node name="Label" type="Label" parent="CenterContainer/NinePatchRect/VBoxContainer"]
margin_top = 60.0
margin_right = 260.0
margin_bottom = 171.0
custom_fonts/font = SubResource( 1 )
custom_colors/font_color = Color( 0, 0, 0, 1 )
text = "You finished Heist Meisters!"
align = 1
autowrap = true

[node name="HSeparator" type="HSeparator" parent="CenterContainer/NinePatchRect/VBoxContainer"]
margin_top = 175.0
margin_right = 260.0
margin_bottom = 200.0
rect_min_size = Vector2( 0, 25 )

[node name="NextLevelContainer" type="CenterContainer" parent="CenterContainer/NinePatchRect/VBoxContainer"]
visible = false
margin_top = 160.0
margin_right = 260.0
margin_bottom = 200.0

[node name="NextLevel" type="Button" parent="CenterContainer/NinePatchRect/VBoxContainer/NextLevelContainer"]
margin_left = 50.0
margin_right = 210.0
margin_bottom = 40.0
rect_min_size = Vector2( 160, 40 )
size_flags_horizontal = 2
text = "Next Level"

[node name="GameEndContainer" type="CenterContainer" parent="CenterContainer/NinePatchRect/VBoxContainer"]
visible = false
margin_top = 182.0
margin_right = 260.0
margin_bottom = 222.0

[node name="GameEnd" type="Button" parent="CenterContainer/NinePatchRect/VBoxContainer/GameEndContainer"]
margin_left = 40.0
margin_right = 220.0
margin_bottom = 40.0
rect_min_size = Vector2( 180, 40 )
size_flags_horizontal = 2
text = "Back to Menu"
[connection signal="pressed" from="CenterContainer/NinePatchRect/VBoxContainer/NextLevelContainer/NextLevel" to="." method="_on_NextLevel_pressed"]
[connection signal="pressed" from="CenterContainer/NinePatchRect/VBoxContainer/GameEndContainer/GameEnd" to="." method="_on_GameEnd_pressed"]
